%% This BibTeX bibliography file was created using BibDesk.
%% http://www.cs.ucsd.edu/~mmccrack/bibdesk.html


%% Created for neil at 2002-12-09 14:04:13 +1300 



@article{koren2009matrix,
  title={Matrix factorization techniques for recommender systems},
  author={Koren, Yehuda and Bell, Robert and Volinsky, Chris},
  journal={Computer},
  number={8},
  pages={30--37},
  year={2009},
  publisher={IEEE}
}

@article{goldberg1992using,
  title={Using collaborative filtering to weave an information tapestry},
  author={Goldberg, David and Nichols, David and Oki, Brian M and Terry, Douglas},
  journal={Communications of the ACM},
  volume={35},
  number={12},
  pages={61--70},
  year={1992},
  publisher={ACM}
}

@incollection{schafer2007collaborative,
  title={Collaborative filtering recommender systems},
  author={Schafer, J Ben and Frankowski, Dan and Herlocker, Jon and Sen, Shilad},
  booktitle={The adaptive web},
  pages={291--324},
  year={2007},
  publisher={Springer}
}

@inproceedings{martin2009recsys,
  title={Recsys' 09 industrial keynote: top 10 lessons learned developing deploying and operating real-world recommender systems},
  author={Martin, Francisco J},
  booktitle={Proceedings of the third ACM conference on Recommender systems},
  pages={1--2},
  year={2009},
  organization={ACM}
}

@inproceedings{grouplens,
  title={GroupLens: an open architecture for collaborative filtering of netnews},
  author={Resnick, Paul and Iacovou, Neophytos and Suchak, Mitesh and Bergstrom, Peter and Riedl, John},
  booktitle={Proceedings of the 1994 ACM conference on Computer supported cooperative work},
  pages={175--186},
  year={1994},
  organization={ACM}
}